<record><leader>00000cas a22000007a 4500</leader><controlfield tag="001">15610587</controlfield><controlfield tag="008">870429d185318uumsuwr ne      0    0eng d</controlfield><datafield ind1=" " ind2=" " tag="010"><subfield code="a">sn 87065332 </subfield></datafield><datafield ind1=" " ind2=" " tag="040"><subfield code="a">MJA</subfield><subfield code="b">eng</subfield><subfield code="c">MJA</subfield><subfield code="d">MSJ</subfield><subfield code="d">OCLCQ</subfield></datafield><datafield ind1=" " ind2=" " tag="042"><subfield code="a">msc</subfield></datafield><datafield ind1="0" ind2=" " tag="130"><subfield code="a">Democratic advocate (Lexington, Miss.)</subfield></datafield><datafield ind1="1" ind2="0" tag="245"><subfield code="a">Democratic advocate.</subfield></datafield><datafield ind1=" " ind2=" " tag="260"><subfield code="a">Lexington, Miss. :</subfield><subfield code="b">Victor W. Thompson</subfield></datafield><datafield ind1=" " ind2=" " tag="310"><subfield code="a">Weekly</subfield></datafield><datafield ind1="1" ind2=" " tag="362"><subfield code="a">Began in 1853.</subfield></datafield><datafield ind1=" " ind2=" " tag="588"><subfield code="a">Description based on: Vol. 4, no. 51 (Oct. 3, 1856).</subfield></datafield><datafield ind1=" " ind2=" " tag="752"><subfield code="a">United States</subfield><subfield code="b">Mississippi</subfield><subfield code="c">Holmes</subfield><subfield code="d">Lexington.</subfield></datafield><datafield ind1="0" ind2="0" tag="785"><subfield code="t">Weekly Democratic advocate</subfield><subfield code="w">(OCoLC)15610631</subfield></datafield></record>